<record><leader>00000cas a2200000 a 4500</leader><controlfield tag="001">13529860</controlfield><controlfield tag="008">860505d192319uutxuwr ne      0    0eng d</controlfield><datafield ind1=" " ind2=" " tag="010"><subfield code="a">sn 86090146 </subfield></datafield><datafield ind1=" " ind2=" " tag="040"><subfield code="a">SUR</subfield><subfield code="b">eng</subfield><subfield code="c">SUR</subfield><subfield code="d">PPM</subfield><subfield code="d">OCL</subfield><subfield code="d">OCLCQ</subfield><subfield code="d">OCLCF</subfield><subfield code="d">OCLCO</subfield><subfield code="d">OCL</subfield></datafield><datafield ind1=" " ind2=" " tag="042"><subfield code="a">msc</subfield></datafield><datafield ind1=" " ind2=" " tag="043"><subfield code="a">n-us-tx</subfield></datafield><datafield ind1=" " ind2=" " tag="092"><subfield code="a">071</subfield><subfield code="b">S949</subfield></datafield><datafield ind1="0" ind2="0" tag="245"><subfield code="a">Sul Ross skyline.</subfield></datafield><datafield ind1=" " ind2=" " tag="260"><subfield code="a">Alpine, Tex. :</subfield><subfield code="b">Students of Sul Ross State Teachers College</subfield></datafield><datafield ind1=" " ind2=" " tag="300"><subfield code="a">v. :</subfield><subfield code="b">ill. ;</subfield><subfield code="c">56 cm.</subfield></datafield><datafield ind1=" " ind2=" " tag="310"><subfield code="a">Weekly</subfield></datafield><datafield ind1=" " ind2=" " tag="321"><subfield code="a">Semimonthly,</subfield><subfield code="b">&lt;1923-1947&gt;</subfield></datafield><datafield ind1="1" ind2=" " tag="362"><subfield code="a">Began in 1923.</subfield></datafield><datafield ind1=" " ind2=" " tag="588"><subfield code="a">Description based on: Vol. 6, no. 12 (Mar. 20, 1929).</subfield></datafield><datafield ind1="2" ind2="0" tag="610"><subfield code="a">Sul Ross State College.</subfield></datafield><datafield ind1="2" ind2="0" tag="610"><subfield code="a">Sul Ross State University.</subfield></datafield><datafield ind1=" " ind2="0" tag="650"><subfield code="a">Newspapers.</subfield></datafield><datafield ind1="2" ind2="7" tag="610"><subfield code="a">Sul Ross State College.</subfield><subfield code="2">fast</subfield><subfield code="0">(OCoLC)fst00563367</subfield></datafield><datafield ind1="2" ind2="7" tag="610"><subfield code="a">Sul Ross State University.</subfield><subfield code="2">fast</subfield><subfield code="0">(OCoLC)fst00563366</subfield></datafield><datafield ind1=" " ind2="7" tag="650"><subfield code="a">Newspapers.</subfield><subfield code="2">fast</subfield><subfield code="0">(OCoLC)fst01037111</subfield></datafield><datafield ind1=" " ind2=" " tag="752"><subfield code="a">United States</subfield><subfield code="b">Texas</subfield><subfield code="c">Brewster</subfield><subfield code="d">Alpine.</subfield></datafield><datafield ind1="0" ind2="0" tag="785"><subfield code="t">Skyline</subfield></datafield><datafield ind1="1" ind2=" " tag="029"><subfield code="a">AU@</subfield><subfield code="b">000020455911</subfield></datafield></record>